<?xml version="1.0" encoding="UTF-8"?><collection xmlns="http://www.loc.gov/MARC21/slim"><record><leader>00398nam--2200145-i-4500</leader><controlfield tag="001">000025448</controlfield><controlfield tag="002">20161230</controlfield><controlfield tag="005">20161230201035</controlfield><controlfield tag="008">060222s1000------------r-----000-0-eng-d</controlfield><datafield ind1=" " ind2=" " tag="080"><subfield code="a">532.72:533.15:539.217</subfield></datafield><datafield ind1=" " ind2=" " tag="100"><subfield code="a">Jost, W</subfield></datafield><datafield ind1=" " ind2=" " tag="245"><subfield code="a">Diffusion in solids, liquids, gases</subfield></datafield><datafield ind1=" " ind2=" " tag="260"><subfield code="a">New York, Academic Press Inc.Publ., 1960, Xi + 532p.+ Add.94p</subfield></datafield><datafield ind1=" " ind2=" " tag="490"><subfield code="a">Physical Chemistry</subfield></datafield><datafield ind1=" " ind2=" " tag="852"><subfield code="a">19704</subfield></datafield></record></collection>